%YAML 1.1
%TAG !u! tag:unity3d.com,2011:
--- !u!29 &1
OcclusionCullingSettings:
  m_ObjectHideFlags: 0
  serializedVersion: 2
  m_OcclusionBakeSettings:
    smallestOccluder: 5
    smallestHole: 0.25
    backfaceThreshold: 100
  m_SceneGUID: 00000000000000000000000000000000
  m_OcclusionCullingData: {fileID: 0}
--- !u!104 &2
RenderSettings:
  m_ObjectHideFlags: 0
  serializedVersion: 8
  m_Fog: 0
  m_FogColor: {r: 0.5, g: 0.5, b: 0.5, a: 1}
  m_FogMode: 3
  m_FogDensity: 0.01
  m_LinearFogStart: 0
  m_LinearFogEnd: 300
  m_AmbientSkyColor: {r: 0.212, g: 0.227, b: 0.259, a: 1}
  m_AmbientEquatorColor: {r: 0.114, g: 0.125, b: 0.133, a: 1}
  m_AmbientGroundColor: {r: 0.047, g: 0.043, b: 0.035, a: 1}
  m_AmbientIntensity: 1
  m_AmbientMode: 0
  m_SubtractiveShadowColor: {r: 0.42, g: 0.478, b: 0.627, a: 1}
  m_SkyboxMaterial: {fileID: 10304, guid: 0000000000000000f000000000000000, type: 0}
  m_HaloStrength: 0.5
  m_FlareStrength: 1
  m_FlareFadeSpeed: 3
  m_HaloTexture: {fileID: 0}
  m_SpotCookie: {fileID: 10001, guid: 0000000000000000e000000000000000, type: 0}
  m_DefaultReflectionMode: 0
  m_DefaultReflectionResolution: 128
  m_ReflectionBounces: 1
  m_ReflectionIntensity: 1
  m_CustomReflection: {fileID: 0}
  m_Sun: {fileID: 0}
  m_IndirectSpecularColor: {r: 0.44657868, g: 0.49641263, b: 0.57481706, a: 1}
--- !u!157 &3
LightmapSettings:
  m_ObjectHideFlags: 0
  serializedVersion: 11
  m_GIWorkflowMode: 0
  m_GISettings:
    serializedVersion: 2
    m_BounceScale: 1
    m_IndirectOutputScale: 1
    m_AlbedoBoost: 1
    m_TemporalCoherenceThreshold: 1
    m_EnvironmentLightingMode: 0
    m_EnableBakedLightmaps: 1
    m_EnableRealtimeLightmaps: 1
  m_LightmapEditorSettings:
    serializedVersion: 9
    m_Resolution: 2
    m_BakeResolution: 40
    m_TextureWidth: 1024
    m_TextureHeight: 1024
    m_AO: 0
    m_AOMaxDistance: 1
    m_CompAOExponent: 1
    m_CompAOExponentDirect: 0
    m_Padding: 2
    m_LightmapParameters: {fileID: 0}
    m_LightmapsBakeMode: 1
    m_TextureCompression: 1
    m_FinalGather: 0
    m_FinalGatherFiltering: 1
    m_FinalGatherRayCount: 256
    m_ReflectionCompression: 2
    m_MixedBakeMode: 2
    m_BakeBackend: 0
    m_PVRSampling: 1
    m_PVRDirectSampleCount: 32
    m_PVRSampleCount: 500
    m_PVRBounces: 2
    m_PVRFilterTypeDirect: 0
    m_PVRFilterTypeIndirect: 0
    m_PVRFilterTypeAO: 0
    m_PVRFilteringMode: 1
    m_PVRCulling: 1
    m_PVRFilteringGaussRadiusDirect: 1
    m_PVRFilteringGaussRadiusIndirect: 5
    m_PVRFilteringGaussRadiusAO: 2
    m_PVRFilteringAtrousPositionSigmaDirect: 0.5
    m_PVRFilteringAtrousPositionSigmaIndirect: 2
    m_PVRFilteringAtrousPositionSigmaAO: 1
    m_ShowResolutionOverlay: 1
  m_LightingDataAsset: {fileID: 0}
  m_UseShadowmask: 1
--- !u!196 &4
NavMeshSettings:
  serializedVersion: 2
  m_ObjectHideFlags: 0
  m_BuildSettings:
    serializedVersion: 2
    agentTypeID: 0
    agentRadius: 0.5
    agentHeight: 2
    agentSlope: 45
    agentClimb: 0.4
    ledgeDropHeight: 0
    maxJumpAcrossDistance: 0
    minRegionArea: 2
    manualCellSize: 0
    cellSize: 0.16666667
    manualTileSize: 0
    tileSize: 256
    accuratePlacement: 0
    debug:
      m_Flags: 0
  m_NavMeshData: {fileID: 0}
--- !u!1 &48257304
GameObject:
  m_ObjectHideFlags: 0
  m_PrefabParentObject: {fileID: 1854932244085986, guid: f42d189fb042b1b4aa51eed6a77f9eec,
    type: 2}
  m_PrefabInternal: {fileID: 0}
  serializedVersion: 5
  m_Component:
  - component: {fileID: 48257307}
  - component: {fileID: 48257305}
  - component: {fileID: 48257306}
  - component: {fileID: 48257309}
  - component: {fileID: 48257308}
  - component: {fileID: 48257310}
  m_Layer: 0
  m_Name: car_prefab
  m_TagString: Untagged
  m_Icon: {fileID: 0}
  m_NavMeshLayer: 0
  m_StaticEditorFlags: 0
  m_IsActive: 1
--- !u!114 &48257305
MonoBehaviour:
  m_ObjectHideFlags: 0
  m_PrefabParentObject: {fileID: 114955191483859380, guid: f42d189fb042b1b4aa51eed6a77f9eec,
    type: 2}
  m_PrefabInternal: {fileID: 0}
  m_GameObject: {fileID: 48257304}
  m_Enabled: 1
  m_EditorHideFlags: 0
  m_Script: {fileID: 11500000, guid: 67a745087d249d14ba213918d616d57f, type: 3}
  m_Name: 
  m_EditorClassIdentifier: 
  axleInfos:
  - leftWheel: {fileID: 2107975421}
    rightWheel: {fileID: 1534608125}
    motor: 1
    steering: 1
  - leftWheel: {fileID: 1142321180}
    rightWheel: {fileID: 1372209600}
    motor: 1
    steering: 0
  maxMotorTorque: 2000
  maxSteeringAngle: 30
--- !u!54 &48257306
Rigidbody:
  m_ObjectHideFlags: 0
  m_PrefabParentObject: {fileID: 0}
  m_PrefabInternal: {fileID: 0}
  m_GameObject: {fileID: 48257304}
  serializedVersion: 2
  m_Mass: 2000
  m_Drag: 0.2
  m_AngularDrag: 0.05
  m_UseGravity: 1
  m_IsKinematic: 0
  m_Interpolate: 1
  m_Constraints: 0
  m_CollisionDetection: 2
--- !u!4 &48257307
Transform:
  m_ObjectHideFlags: 0
  m_PrefabParentObject: {fileID: 4847198683038042, guid: f42d189fb042b1b4aa51eed6a77f9eec,
    type: 2}
  m_PrefabInternal: {fileID: 0}
  m_GameObject: {fileID: 48257304}
  m_LocalRotation: {x: 0, y: 0, z: 0, w: 1}
  m_LocalPosition: {x: 0.6060405, y: 2, z: -0.5936766}
  m_LocalScale: {x: 1, y: 1, z: 1}
  m_Children:
  - {fileID: 1608739369}
  - {fileID: 1690906851}
  - {fileID: 1424512646}
  - {fileID: 416328277}
  - {fileID: 797780372}
  - {fileID: 2028148202}
  - {fileID: 1247125138}
  - {fileID: 1231606005}
  - {fileID: 75125924}
  - {fileID: 1636260219}
  - {fileID: 882488963}
  m_Father: {fileID: 0}
  m_RootOrder: 0
  m_LocalEulerAnglesHint: {x: 0, y: 0, z: 0}
--- !u!114 &48257308
MonoBehaviour:
  m_ObjectHideFlags: 0
  m_PrefabParentObject: {fileID: 0}
  m_PrefabInternal: {fileID: 0}
  m_GameObject: {fileID: 48257304}
  m_Enabled: 1
  m_EditorHideFlags: 0
  m_Script: {fileID: 11500000, guid: 1153b1b3d5db89e4db42652a2806d472, type: 3}
  m_Name: 
  m_EditorClassIdentifier: 
  WheelL: {fileID: 1142321180}
  WheelR: {fileID: 1372209600}
  AntiRoll: 2
  parent: {fileID: 48257304}
--- !u!114 &48257309
MonoBehaviour:
  m_ObjectHideFlags: 0
  m_PrefabParentObject: {fileID: 0}
  m_PrefabInternal: {fileID: 0}
  m_GameObject: {fileID: 48257304}
  m_Enabled: 1
  m_EditorHideFlags: 0
  m_Script: {fileID: 11500000, guid: 1153b1b3d5db89e4db42652a2806d472, type: 3}
  m_Name: 
  m_EditorClassIdentifier: 
  WheelL: {fileID: 2107975421}
  WheelR: {fileID: 1534608125}
  AntiRoll: 2
  parent: {fileID: 48257304}
--- !u!114 &48257310
MonoBehaviour:
  m_ObjectHideFlags: 0
  m_PrefabParentObject: {fileID: 0}
  m_PrefabInternal: {fileID: 0}
  m_GameObject: {fileID: 48257304}
  m_Enabled: 1
  m_EditorHideFlags: 0
  m_Script: {fileID: 11500000, guid: 4611cb86d2b5f8447b95fa8ee4f3eb26, type: 3}
  m_Name: 
  m_EditorClassIdentifier: 
  cameras:
  - {fileID: 1231606004}
  - {fileID: 75125921}
  - {fileID: 1636260216}
  - {fileID: 882488960}
  curr_cam: 0
--- !u!1 &75125920
GameObject:
  m_ObjectHideFlags: 0
  m_PrefabParentObject: {fileID: 0}
  m_PrefabInternal: {fileID: 0}
  serializedVersion: 5
  m_Component:
  - component: {fileID: 75125924}
  - component: {fileID: 75125921}
  - component: {fileID: 75125923}
  - component: {fileID: 75125922}
  m_Layer: 0
  m_Name: thirdPersLeft
  m_TagString: MainCamera
  m_Icon: {fileID: 0}
  m_NavMeshLayer: 0
  m_StaticEditorFlags: 0
  m_IsActive: 1
--- !u!20 &75125921
Camera:
  m_ObjectHideFlags: 0
  m_PrefabParentObject: {fileID: 0}
  m_PrefabInternal: {fileID: 0}
  m_GameObject: {fileID: 75125920}
  m_Enabled: 1
  serializedVersion: 2
  m_ClearFlags: 1
  m_BackGroundColor: {r: 0.19215687, g: 0.3019608, b: 0.4745098, a: 0}
  m_NormalizedViewPortRect:
    serializedVersion: 2
    x: 0
    y: 0
    width: 1
    height: 1
  near clip plane: 0.3
  far clip plane: 1000
  field of view: 60
  orthographic: 0
  orthographic size: 5
  m_Depth: -1
  m_CullingMask:
    serializedVersion: 2
    m_Bits: 4294967295
  m_RenderingPath: -1
  m_TargetTexture: {fileID: 0}
  m_TargetDisplay: 0
  m_TargetEye: 3
  m_HDR: 1
  m_AllowMSAA: 1
  m_AllowDynamicResolution: 0
  m_ForceIntoRT: 0
  m_OcclusionCulling: 1
  m_StereoConvergence: 10
  m_StereoSeparation: 0.022
--- !u!81 &75125922
AudioListener:
  m_ObjectHideFlags: 0
  m_PrefabParentObject: {fileID: 0}
  m_PrefabInternal: {fileID: 0}
  m_GameObject: {fileID: 75125920}
  m_Enabled: 0
--- !u!124 &75125923
Behaviour:
  m_ObjectHideFlags: 0
  m_PrefabParentObject: {fileID: 0}
  m_PrefabInternal: {fileID: 0}
  m_GameObject: {fileID: 75125920}
  m_Enabled: 1
--- !u!4 &75125924
Transform:
  m_ObjectHideFlags: 0
  m_PrefabParentObject: {fileID: 0}
  m_PrefabInternal: {fileID: 0}
  m_GameObject: {fileID: 75125920}
  m_LocalRotation: {x: -0, y: 0.9902681, z: -0.13917309, w: 0}
  m_LocalPosition: {x: 4, y: 4, z: 8}
  m_LocalScale: {x: 1.000001, y: 1, z: 1.0000007}
  m_Children: []
  m_Father: {fileID: 48257307}
  m_RootOrder: 8
  m_LocalEulerAnglesHint: {x: 16, y: 180, z: 0}
--- !u!1 &236624236
GameObject:
  m_ObjectHideFlags: 0
  m_PrefabParentObject: {fileID: 1504724033571212, guid: f42d189fb042b1b4aa51eed6a77f9eec,
    type: 2}
  m_PrefabInternal: {fileID: 0}
  serializedVersion: 5
  m_Component:
  - component: {fileID: 236624237}
  - component: {fileID: 236624239}
  - component: {fileID: 236624238}
  - component: {fileID: 236624241}
  - component: {fileID: 236624240}
  m_Layer: 0
  m_Name: Steeringwheel
  m_TagString: Untagged
  m_Icon: {fileID: 0}
  m_NavMeshLayer: 0
  m_StaticEditorFlags: 0
  m_IsActive: 1
--- !u!4 &236624237
Transform:
  m_ObjectHideFlags: 0
  m_PrefabParentObject: {fileID: 4831389953980598, guid: f42d189fb042b1b4aa51eed6a77f9eec,
    type: 2}
  m_PrefabInternal: {fileID: 0}
  m_GameObject: {fileID: 236624236}
  m_LocalRotation: {x: -0, y: -0.60876137, z: -0.7933534, w: 0}
  m_LocalPosition: {x: -1.1764104, y: 2.1763914, z: 0.80641186}
  m_LocalScale: {x: 3.0420432, y: 3.0420449, z: 3.0420446}
  m_Children: []
  m_Father: {fileID: 1608739369}
  m_RootOrder: 0
  m_LocalEulerAnglesHint: {x: -75, y: 0, z: -180}
--- !u!23 &236624238
MeshRenderer:
  m_ObjectHideFlags: 0
  m_PrefabParentObject: {fileID: 23497162795363376, guid: f42d189fb042b1b4aa51eed6a77f9eec,
    type: 2}
  m_PrefabInternal: {fileID: 0}
  m_GameObject: {fileID: 236624236}
  m_Enabled: 1
  m_CastShadows: 1
  m_ReceiveShadows: 1
  m_DynamicOccludee: 1
  m_MotionVectors: 1
  m_LightProbeUsage: 1
  m_ReflectionProbeUsage: 1
  m_Materials:
  - {fileID: 2100000, guid: 7dd39cb8763de274d9e85d8a7c33d841, type: 2}
  m_StaticBatchInfo:
    firstSubMesh: 0
    subMeshCount: 0
  m_StaticBatchRoot: {fileID: 0}
  m_ProbeAnchor: {fileID: 0}
  m_LightProbeVolumeOverride: {fileID: 0}
  m_ScaleInLightmap: 1
  m_PreserveUVs: 0
  m_IgnoreNormalsForChartDetection: 0
  m_ImportantGI: 0
  m_StitchLightmapSeams: 0
  m_SelectedEditorRenderState: 3
  m_MinimumChartSize: 4
  m_AutoUVMaxDistance: 0.5
  m_AutoUVMaxAngle: 89
  m_LightmapParameters: {fileID: 0}
  m_SortingLayerID: 0
  m_SortingLayer: 0
  m_SortingOrder: 0
--- !u!33 &236624239
MeshFilter:
  m_ObjectHideFlags: 0
  m_PrefabParentObject: {fileID: 33103716385003990, guid: f42d189fb042b1b4aa51eed6a77f9eec,
    type: 2}
  m_PrefabInternal: {fileID: 0}
  m_GameObject: {fileID: 236624236}
  m_Mesh: {fileID: 4300020, guid: bd5297d9a5b63ad48912675a84018a7b, type: 3}
--- !u!114 &236624240
MonoBehaviour:
  m_ObjectHideFlags: 0
  m_PrefabParentObject: {fileID: 0}
  m_PrefabInternal: {fileID: 0}
  m_GameObject: {fileID: 236624236}
  m_Enabled: 1
  m_EditorHideFlags: 0
  m_Script: {fileID: 11500000, guid: a50da43ba9b97e44eb968cafcfe27c96, type: 3}
  m_Name: 
  m_EditorClassIdentifier: 
  maxSteeringAngle: 20
  wheel: {fileID: 236624236}
--- !u!114 &236624241
MonoBehaviour:
  m_ObjectHideFlags: 0
  m_PrefabParentObject: {fileID: 0}
  m_PrefabInternal: {fileID: 0}
  m_GameObject: {fileID: 236624236}
  m_Enabled: 1
  m_EditorHideFlags: 0
  m_Script: {fileID: 11500000, guid: 0355fd144b6e3c5419f133b93cafc030, type: 3}
  m_Name: 
  m_EditorClassIdentifier: 
--- !u!1 &416328276
GameObject:
  m_ObjectHideFlags: 0
  m_PrefabParentObject: {fileID: 1699820623931308, guid: f42d189fb042b1b4aa51eed6a77f9eec,
    type: 2}
  m_PrefabInternal: {fileID: 0}
  serializedVersion: 5
  m_Component:
  - component: {fileID: 416328277}
  - component: {fileID: 416328279}
  - component: {fileID: 416328278}
  m_Layer: 0
  m_Name: Engine
  m_TagString: Untagged
  m_Icon: {fileID: 0}
  m_NavMeshLayer: 0
  m_StaticEditorFlags: 0
  m_IsActive: 1
--- !u!4 &416328277
Transform:
  m_ObjectHideFlags: 0
  m_PrefabParentObject: {fileID: 4893757872979480, guid: f42d189fb042b1b4aa51eed6a77f9eec,
    type: 2}
  m_PrefabInternal: {fileID: 0}
  m_GameObject: {fileID: 416328276}
  m_LocalRotation: {x: -4.32978e-17, y: 0.7071067, z: 0.7071068, w: -4.3297806e-17}
  m_LocalPosition: {x: 0, y: 0.56663203, z: -1.8739277}
  m_LocalScale: {x: 0.66677797, y: 0.66677773, z: 0.66677773}
  m_Children: []
  m_Father: {fileID: 48257307}
  m_RootOrder: 3
  m_LocalEulerAnglesHint: {x: 0, y: 0, z: 0}
--- !u!23 &416328278
MeshRenderer:
  m_ObjectHideFlags: 0
  m_PrefabParentObject: {fileID: 23399420236447198, guid: f42d189fb042b1b4aa51eed6a77f9eec,
    type: 2}
  m_PrefabInternal: {fileID: 0}
  m_GameObject: {fileID: 416328276}
  m_Enabled: 1
  m_CastShadows: 1
  m_ReceiveShadows: 1
  m_DynamicOccludee: 1
  m_MotionVectors: 1
  m_LightProbeUsage: 1
  m_ReflectionProbeUsage: 1
  m_Materials:
  - {fileID: 2100000, guid: a1be880900fba874ba5b0d8a8d59b9c4, type: 2}
  - {fileID: 2100000, guid: 8bf1315c1006ad547a7e632b8670703d, type: 2}
  - {fileID: 2100000, guid: d278c1832c7fac747ad393b57125899f, type: 2}
  m_StaticBatchInfo:
    firstSubMesh: 0
    subMeshCount: 0
  m_StaticBatchRoot: {fileID: 0}
  m_ProbeAnchor: {fileID: 0}
  m_LightProbeVolumeOverride: {fileID: 0}
  m_ScaleInLightmap: 1
  m_PreserveUVs: 0
  m_IgnoreNormalsForChartDetection: 0
  m_ImportantGI: 0
  m_StitchLightmapSeams: 0
  m_SelectedEditorRenderState: 3
  m_MinimumChartSize: 4
  m_AutoUVMaxDistance: 0.5
  m_AutoUVMaxAngle: 89
  m_LightmapParameters: {fileID: 0}
  m_SortingLayerID: 0
  m_SortingLayer: 0
  m_SortingOrder: 0
--- !u!33 &416328279
MeshFilter:
  m_ObjectHideFlags: 0
  m_PrefabParentObject: {fileID: 33159208905472248, guid: f42d189fb042b1b4aa51eed6a77f9eec,
    type: 2}
  m_PrefabInternal: {fileID: 0}
  m_GameObject: {fileID: 416328276}
  m_Mesh: {fileID: 4300000, guid: bd5297d9a5b63ad48912675a84018a7b, type: 3}
--- !u!1 &425990530
GameObject:
  m_ObjectHideFlags: 0
  m_PrefabParentObject: {fileID: 0}
  m_PrefabInternal: {fileID: 0}
  serializedVersion: 5
  m_Component:
  - component: {fileID: 425990531}
  m_Layer: 0
  m_Name: GameObject
  m_TagString: Untagged
  m_Icon: {fileID: 0}
  m_NavMeshLayer: 0
  m_StaticEditorFlags: 0
  m_IsActive: 1
--- !u!4 &425990531
Transform:
  m_ObjectHideFlags: 0
  m_PrefabParentObject: {fileID: 0}
  m_PrefabInternal: {fileID: 0}
  m_GameObject: {fileID: 425990530}
  m_LocalRotation: {x: 0, y: 0, z: 0, w: 1}
  m_LocalPosition: {x: 0, y: 0, z: 0}
  m_LocalScale: {x: 1, y: 1, z: 1}
  m_Children:
  - {fileID: 1943375760}
  m_Father: {fileID: 1372209601}
  m_RootOrder: 0
  m_LocalEulerAnglesHint: {x: 0, y: 0, z: 0}
--- !u!1 &797365122
GameObject:
  m_ObjectHideFlags: 0
  m_PrefabParentObject: {fileID: 1481811659068964, guid: f42d189fb042b1b4aa51eed6a77f9eec,
    type: 2}
  m_PrefabInternal: {fileID: 0}
  serializedVersion: 5
  m_Component:
  - component: {fileID: 797365123}
  - component: {fileID: 797365126}
  - component: {fileID: 797365125}
  m_Layer: 0
  m_Name: WheelFL
  m_TagString: Untagged
  m_Icon: {fileID: 0}
  m_NavMeshLayer: 0
  m_StaticEditorFlags: 0
  m_IsActive: 1
--- !u!4 &797365123
Transform:
  m_ObjectHideFlags: 0
  m_PrefabParentObject: {fileID: 4206072717106156, guid: f42d189fb042b1b4aa51eed6a77f9eec,
    type: 2}
  m_PrefabInternal: {fileID: 0}
  m_GameObject: {fileID: 797365122}
  m_LocalRotation: {x: 0, y: 1, z: 0, w: 0}
  m_LocalPosition: {x: 0, y: 0, z: 0}
  m_LocalScale: {x: 1.0631195, y: 1.063119, z: 1.063119}
  m_Children: []
  m_Father: {fileID: 1003599431}
  m_RootOrder: 0
  m_LocalEulerAnglesHint: {x: 0, y: 180, z: 0}
--- !u!23 &797365125
MeshRenderer:
  m_ObjectHideFlags: 0
  m_PrefabParentObject: {fileID: 23210408154220122, guid: f42d189fb042b1b4aa51eed6a77f9eec,
    type: 2}
  m_PrefabInternal: {fileID: 0}
  m_GameObject: {fileID: 797365122}
  m_Enabled: 1
  m_CastShadows: 1
  m_ReceiveShadows: 1
  m_DynamicOccludee: 1
  m_MotionVectors: 1
  m_LightProbeUsage: 1
  m_ReflectionProbeUsage: 1
  m_Materials:
  - {fileID: 2100000, guid: da2943d5301e2564e96a133c96304682, type: 2}
  - {fileID: 2100000, guid: 8bf1315c1006ad547a7e632b8670703d, type: 2}
  - {fileID: 2100000, guid: d278c1832c7fac747ad393b57125899f, type: 2}
  m_StaticBatchInfo:
    firstSubMesh: 0
    subMeshCount: 0
  m_StaticBatchRoot: {fileID: 0}
  m_ProbeAnchor: {fileID: 0}
  m_LightProbeVolumeOverride: {fileID: 0}
  m_ScaleInLightmap: 1
  m_PreserveUVs: 0
  m_IgnoreNormalsForChartDetection: 0
  m_ImportantGI: 0
  m_StitchLightmapSeams: 0
  m_SelectedEditorRenderState: 3
  m_MinimumChartSize: 4
  m_AutoUVMaxDistance: 0.5
  m_AutoUVMaxAngle: 89
  m_LightmapParameters: {fileID: 0}
  m_SortingLayerID: 0
  m_SortingLayer: 0
  m_SortingOrder: 0
--- !u!33 &797365126
MeshFilter:
  m_ObjectHideFlags: 0
  m_PrefabParentObject: {fileID: 33784774641318958, guid: f42d189fb042b1b4aa51eed6a77f9eec,
    type: 2}
  m_PrefabInternal: {fileID: 0}
  m_GameObject: {fileID: 797365122}
  m_Mesh: {fileID: 4300018, guid: bd5297d9a5b63ad48912675a84018a7b, type: 3}
--- !u!1 &797780371
GameObject:
  m_ObjectHideFlags: 0
  m_PrefabParentObject: {fileID: 1486578096647032, guid: f42d189fb042b1b4aa51eed6a77f9eec,
    type: 2}
  m_PrefabInternal: {fileID: 0}
  serializedVersion: 5
  m_Component:
  - component: {fileID: 797780372}
  - component: {fileID: 797780374}
  - component: {fileID: 797780373}
  m_Layer: 0
  m_Name: Seat1
  m_TagString: Untagged
  m_Icon: {fileID: 0}
  m_NavMeshLayer: 0
  m_StaticEditorFlags: 0
  m_IsActive: 1
--- !u!4 &797780372
Transform:
  m_ObjectHideFlags: 0
  m_PrefabParentObject: {fileID: 4093917543097430, guid: f42d189fb042b1b4aa51eed6a77f9eec,
    type: 2}
  m_PrefabInternal: {fileID: 0}
  m_GameObject: {fileID: 797780371}
  m_LocalRotation: {x: -4.32978e-17, y: 0.7071067, z: 0.7071068, w: -4.3297806e-17}
  m_LocalPosition: {x: 0.7865461, y: 0.2525635, z: -0.010692291}
  m_LocalScale: {x: 1.1361754, y: 1.1361749, z: 1.1361749}
  m_Children: []
  m_Father: {fileID: 48257307}
  m_RootOrder: 4
  m_LocalEulerAnglesHint: {x: 0, y: 0, z: 0}
--- !u!23 &797780373
MeshRenderer:
  m_ObjectHideFlags: 0
  m_PrefabParentObject: {fileID: 23679749599119810, guid: f42d189fb042b1b4aa51eed6a77f9eec,
    type: 2}
  m_PrefabInternal: {fileID: 0}
  m_GameObject: {fileID: 797780371}
  m_Enabled: 1
  m_CastShadows: 1
  m_ReceiveShadows: 1
  m_DynamicOccludee: 1
  m_MotionVectors: 1
  m_LightProbeUsage: 1
  m_ReflectionProbeUsage: 1
  m_Materials:
  - {fileID: 2100000, guid: 0a5978360638440448d78ef61d4e4b4a, type: 2}
  - {fileID: 2100000, guid: b7ffaf62e9bacbf45ad743463b2bdb78, type: 2}
  m_StaticBatchInfo:
    firstSubMesh: 0
    subMeshCount: 0
  m_StaticBatchRoot: {fileID: 0}
  m_ProbeAnchor: {fileID: 0}
  m_LightProbeVolumeOverride: {fileID: 0}
  m_ScaleInLightmap: 1
  m_PreserveUVs: 0
  m_IgnoreNormalsForChartDetection: 0
  m_ImportantGI: 0
  m_StitchLightmapSeams: 0
  m_SelectedEditorRenderState: 3
  m_MinimumChartSize: 4
  m_AutoUVMaxDistance: 0.5
  m_AutoUVMaxAngle: 89
  m_LightmapParameters: {fileID: 0}
  m_SortingLayerID: 0
  m_SortingLayer: 0
  m_SortingOrder: 0
--- !u!33 &797780374
MeshFilter:
  m_ObjectHideFlags: 0
  m_PrefabParentObject: {fileID: 33786234430025050, guid: f42d189fb042b1b4aa51eed6a77f9eec,
    type: 2}
  m_PrefabInternal: {fileID: 0}
  m_GameObject: {fileID: 797780371}
  m_Mesh: {fileID: 4300026, guid: bd5297d9a5b63ad48912675a84018a7b, type: 3}
--- !u!1 &882488959
GameObject:
  m_ObjectHideFlags: 0
  m_PrefabParentObject: {fileID: 0}
  m_PrefabInternal: {fileID: 0}
  serializedVersion: 5
  m_Component:
  - component: {fileID: 882488963}
  - component: {fileID: 882488960}
  - component: {fileID: 882488962}
  - component: {fileID: 882488961}
  m_Layer: 0
  m_Name: firstPers
  m_TagString: MainCamera
  m_Icon: {fileID: 0}
  m_NavMeshLayer: 0
  m_StaticEditorFlags: 0
  m_IsActive: 1
--- !u!20 &882488960
Camera:
  m_ObjectHideFlags: 0
  m_PrefabParentObject: {fileID: 0}
  m_PrefabInternal: {fileID: 0}
  m_GameObject: {fileID: 882488959}
  m_Enabled: 1
  serializedVersion: 2
  m_ClearFlags: 1
  m_BackGroundColor: {r: 0.19215687, g: 0.3019608, b: 0.4745098, a: 0}
  m_NormalizedViewPortRect:
    serializedVersion: 2
    x: 0
    y: 0
    width: 1
    height: 1
  near clip plane: 0.3
  far clip plane: 1000
  field of view: 60
  orthographic: 0
  orthographic size: 5
  m_Depth: -1
  m_CullingMask:
    serializedVersion: 2
    m_Bits: 4294967295
  m_RenderingPath: -1
  m_TargetTexture: {fileID: 0}
  m_TargetDisplay: 0
  m_TargetEye: 3
  m_HDR: 1
  m_AllowMSAA: 1
  m_AllowDynamicResolution: 0
  m_ForceIntoRT: 0
  m_OcclusionCulling: 1
  m_StereoConvergence: 10
  m_StereoSeparation: 0.022
--- !u!81 &882488961
AudioListener:
  m_ObjectHideFlags: 0
  m_PrefabParentObject: {fileID: 0}
  m_PrefabInternal: {fileID: 0}
  m_GameObject: {fileID: 882488959}
  m_Enabled: 0
--- !u!124 &882488962
Behaviour:
  m_ObjectHideFlags: 0
  m_PrefabParentObject: {fileID: 0}
  m_PrefabInternal: {fileID: 0}
  m_GameObject: {fileID: 882488959}
  m_Enabled: 1
--- !u!4 &882488963
Transform:
  m_ObjectHideFlags: 0
  m_PrefabParentObject: {fileID: 0}
  m_PrefabInternal: {fileID: 0}
  m_GameObject: {fileID: 882488959}
  m_LocalRotation: {x: 0, y: 1, z: 0, w: 0}
  m_LocalPosition: {x: 0.8, y: 1.53, z: 0.2}
  m_LocalScale: {x: 1.000001, y: 1, z: 1.0000007}
  m_Children: []
  m_Father: {fileID: 48257307}
  m_RootOrder: 10
  m_LocalEulerAnglesHint: {x: 0, y: 180, z: 0}
--- !u!1 &888607953
GameObject:
  m_ObjectHideFlags: 0
  m_PrefabParentObject: {fileID: 0}
  m_PrefabInternal: {fileID: 0}
  serializedVersion: 5
  m_Component:
  - component: {fileID: 888607957}
  - component: {fileID: 888607956}
  - component: {fileID: 888607955}
  - component: {fileID: 888607954}
  m_Layer: 0
  m_Name: Ground
  m_TagString: Untagged
  m_Icon: {fileID: 0}
  m_NavMeshLayer: 0
  m_StaticEditorFlags: 0
  m_IsActive: 1
--- !u!23 &888607954
MeshRenderer:
  m_ObjectHideFlags: 0
  m_PrefabParentObject: {fileID: 0}
  m_PrefabInternal: {fileID: 0}
  m_GameObject: {fileID: 888607953}
  m_Enabled: 1
  m_CastShadows: 1
  m_ReceiveShadows: 1
  m_DynamicOccludee: 1
  m_MotionVectors: 1
  m_LightProbeUsage: 1
  m_ReflectionProbeUsage: 1
  m_Materials:
  - {fileID: 2100000, guid: 76677060b777dba44a18b9cf5767153e, type: 2}
  m_StaticBatchInfo:
    firstSubMesh: 0
    subMeshCount: 0
  m_StaticBatchRoot: {fileID: 0}
  m_ProbeAnchor: {fileID: 0}
  m_LightProbeVolumeOverride: {fileID: 0}
  m_ScaleInLightmap: 1
  m_PreserveUVs: 1
  m_IgnoreNormalsForChartDetection: 0
  m_ImportantGI: 0
  m_StitchLightmapSeams: 0
  m_SelectedEditorRenderState: 3
  m_MinimumChartSize: 4
  m_AutoUVMaxDistance: 0.5
  m_AutoUVMaxAngle: 89
  m_LightmapParameters: {fileID: 0}
  m_SortingLayerID: 0
  m_SortingLayer: 0
  m_SortingOrder: 0
--- !u!64 &888607955
MeshCollider:
  m_ObjectHideFlags: 0
  m_PrefabParentObject: {fileID: 0}
  m_PrefabInternal: {fileID: 0}
  m_GameObject: {fileID: 888607953}
  m_Material: {fileID: 0}
  m_IsTrigger: 0
  m_Enabled: 1
  serializedVersion: 3
  m_Convex: 0
  m_CookingOptions: 14
  m_SkinWidth: 0.01
  m_Mesh: {fileID: 10209, guid: 0000000000000000e000000000000000, type: 0}
--- !u!33 &888607956
MeshFilter:
  m_ObjectHideFlags: 0
  m_PrefabParentObject: {fileID: 0}
  m_PrefabInternal: {fileID: 0}
  m_GameObject: {fileID: 888607953}
  m_Mesh: {fileID: 10209, guid: 0000000000000000e000000000000000, type: 0}
--- !u!4 &888607957
Transform:
  m_ObjectHideFlags: 0
  m_PrefabParentObject: {fileID: 0}
  m_PrefabInternal: {fileID: 0}
  m_GameObject: {fileID: 888607953}
  m_LocalRotation: {x: 0, y: 0, z: 0, w: 1}
  m_LocalPosition: {x: 0, y: 0, z: 0}
  m_LocalScale: {x: 100, y: 5, z: 100}
  m_Children: []
  m_Father: {fileID: 0}
  m_RootOrder: 2
  m_LocalEulerAnglesHint: {x: 0, y: 0, z: 0}
--- !u!1 &907852944
GameObject:
  m_ObjectHideFlags: 0
  m_PrefabParentObject: {fileID: 1575036744254248, guid: f42d189fb042b1b4aa51eed6a77f9eec,
    type: 2}
  m_PrefabInternal: {fileID: 0}
  serializedVersion: 5
  m_Component:
  - component: {fileID: 907852945}
  - component: {fileID: 907852949}
  - component: {fileID: 907852948}
  - component: {fileID: 907852947}
  m_Layer: 0
  m_Name: WheelFR
  m_TagString: Untagged
  m_Icon: {fileID: 0}
  m_NavMeshLayer: 0
  m_StaticEditorFlags: 0
  m_IsActive: 1
--- !u!4 &907852945
Transform:
  m_ObjectHideFlags: 0
  m_PrefabParentObject: {fileID: 4118052579918372, guid: f42d189fb042b1b4aa51eed6a77f9eec,
    type: 2}
  m_PrefabInternal: {fileID: 0}
  m_GameObject: {fileID: 907852944}
  m_LocalRotation: {x: 0, y: 0, z: 0, w: 1}
  m_LocalPosition: {x: 0, y: 0, z: 0}
  m_LocalScale: {x: -1.0631195, y: -1.063119, z: -1.063119}
  m_Children: []
  m_Father: {fileID: 1534608124}
  m_RootOrder: 0
  m_LocalEulerAnglesHint: {x: 0, y: 0, z: 0}
--- !u!114 &907852947
MonoBehaviour:
  m_ObjectHideFlags: 0
  m_PrefabParentObject: {fileID: 0}
  m_PrefabInternal: {fileID: 0}
  m_GameObject: {fileID: 907852944}
  m_Enabled: 1
  m_EditorHideFlags: 0
  m_Script: {fileID: 11500000, guid: e5aa8dbf90834da4a9fd2b5c2d26a242, type: 3}
  m_Name: 
  m_EditorClassIdentifier: 
--- !u!23 &907852948
MeshRenderer:
  m_ObjectHideFlags: 0
  m_PrefabParentObject: {fileID: 23038890047459052, guid: f42d189fb042b1b4aa51eed6a77f9eec,
    type: 2}
  m_PrefabInternal: {fileID: 0}
  m_GameObject: {fileID: 907852944}
  m_Enabled: 1
  m_CastShadows: 1
  m_ReceiveShadows: 1
  m_DynamicOccludee: 1
  m_MotionVectors: 1
  m_LightProbeUsage: 1
  m_ReflectionProbeUsage: 1
  m_Materials:
  - {fileID: 2100000, guid: da2943d5301e2564e96a133c96304682, type: 2}
  - {fileID: 2100000, guid: 8bf1315c1006ad547a7e632b8670703d, type: 2}
  - {fileID: 2100000, guid: d278c1832c7fac747ad393b57125899f, type: 2}
  m_StaticBatchInfo:
    firstSubMesh: 0
    subMeshCount: 0
  m_StaticBatchRoot: {fileID: 0}
  m_ProbeAnchor: {fileID: 0}
  m_LightProbeVolumeOverride: {fileID: 0}
  m_ScaleInLightmap: 1
  m_PreserveUVs: 0
  m_IgnoreNormalsForChartDetection: 0
  m_ImportantGI: 0
  m_StitchLightmapSeams: 0
  m_SelectedEditorRenderState: 3
  m_MinimumChartSize: 4
  m_AutoUVMaxDistance: 0.5
  m_AutoUVMaxAngle: 89
  m_LightmapParameters: {fileID: 0}
  m_SortingLayerID: 0
  m_SortingLayer: 0
  m_SortingOrder: 0
--- !u!33 &907852949
MeshFilter:
  m_ObjectHideFlags: 0
  m_PrefabParentObject: {fileID: 33263566355278508, guid: f42d189fb042b1b4aa51eed6a77f9eec,
    type: 2}
  m_PrefabInternal: {fileID: 0}
  m_GameObject: {fileID: 907852944}
  m_Mesh: {fileID: 4300014, guid: bd5297d9a5b63ad48912675a84018a7b, type: 3}
--- !u!1 &1003599430
GameObject:
  m_ObjectHideFlags: 0
  m_PrefabParentObject: {fileID: 0}
  m_PrefabInternal: {fileID: 0}
  serializedVersion: 5
  m_Component:
  - component: {fileID: 1003599431}
  m_Layer: 0
  m_Name: GameObject
  m_TagString: Untagged
  m_Icon: {fileID: 0}
  m_NavMeshLayer: 0
  m_StaticEditorFlags: 0
  m_IsActive: 1
--- !u!4 &1003599431
Transform:
  m_ObjectHideFlags: 0
  m_PrefabParentObject: {fileID: 0}
  m_PrefabInternal: {fileID: 0}
  m_GameObject: {fileID: 1003599430}
  m_LocalRotation: {x: 0, y: 0, z: 0, w: 1}
  m_LocalPosition: {x: 0, y: 0, z: 0}
  m_LocalScale: {x: 1, y: 1, z: 1}
  m_Children:
  - {fileID: 797365123}
  m_Father: {fileID: 2107975420}
  m_RootOrder: 0
  m_LocalEulerAnglesHint: {x: 0, y: 0, z: 0}
--- !u!1 &1056688071
GameObject:
  m_ObjectHideFlags: 0
  m_PrefabParentObject: {fileID: 1184904812548590, guid: f42d189fb042b1b4aa51eed6a77f9eec,
    type: 2}
  m_PrefabInternal: {fileID: 0}
  serializedVersion: 5
  m_Component:
  - component: {fileID: 1056688072}
  - component: {fileID: 1056688074}
  - component: {fileID: 1056688073}
  m_Layer: 0
  m_Name: Hood
  m_TagString: Untagged
  m_Icon: {fileID: 0}
  m_NavMeshLayer: 0
  m_StaticEditorFlags: 0
  m_IsActive: 1
--- !u!4 &1056688072
Transform:
  m_ObjectHideFlags: 0
  m_PrefabParentObject: {fileID: 4087585765736462, guid: f42d189fb042b1b4aa51eed6a77f9eec,
    type: 2}
  m_PrefabInternal: {fileID: 0}
  m_GameObject: {fileID: 1056688071}
  m_LocalRotation: {x: -4.3297796e-17, y: 0.70710677, z: 0.7071069, w: -4.3297813e-17}
  m_LocalPosition: {x: 0, y: 1.3378633, z: -1.2962447}
  m_LocalScale: {x: 1, y: 1, z: 1}
  m_Children: []
  m_Father: {fileID: 1690906851}
  m_RootOrder: 2
  m_LocalEulerAnglesHint: {x: -90.00001, y: 0, z: 179.99998}
--- !u!23 &1056688073
MeshRenderer:
  m_ObjectHideFlags: 0
  m_PrefabParentObject: {fileID: 23672057090649892, guid: f42d189fb042b1b4aa51eed6a77f9eec,
    type: 2}
  m_PrefabInternal: {fileID: 0}
  m_GameObject: {fileID: 1056688071}
  m_Enabled: 1
  m_CastShadows: 1
  m_ReceiveShadows: 1
  m_DynamicOccludee: 1
  m_MotionVectors: 1
  m_LightProbeUsage: 1
  m_ReflectionProbeUsage: 1
  m_Materials:
  - {fileID: 2100000, guid: 43dfabeee1bd5fd4ba00b3124846833e, type: 2}
  - {fileID: 2100000, guid: 19409b66dc0728040a44b2794a606af8, type: 2}
  m_StaticBatchInfo:
    firstSubMesh: 0
    subMeshCount: 0
  m_StaticBatchRoot: {fileID: 0}
  m_ProbeAnchor: {fileID: 0}
  m_LightProbeVolumeOverride: {fileID: 0}
  m_ScaleInLightmap: 1
  m_PreserveUVs: 0
  m_IgnoreNormalsForChartDetection: 0
  m_ImportantGI: 0
  m_StitchLightmapSeams: 0
  m_SelectedEditorRenderState: 3
  m_MinimumChartSize: 4
  m_AutoUVMaxDistance: 0.5
  m_AutoUVMaxAngle: 89
  m_LightmapParameters: {fileID: 0}
  m_SortingLayerID: 0
  m_SortingLayer: 0
  m_SortingOrder: 0
--- !u!33 &1056688074
MeshFilter:
  m_ObjectHideFlags: 0
  m_PrefabParentObject: {fileID: 33140623833977192, guid: f42d189fb042b1b4aa51eed6a77f9eec,
    type: 2}
  m_PrefabInternal: {fileID: 0}
  m_GameObject: {fileID: 1056688071}
  m_Mesh: {fileID: 4300002, guid: bd5297d9a5b63ad48912675a84018a7b, type: 3}
--- !u!1 &1142321178
GameObject:
  m_ObjectHideFlags: 0
  m_PrefabParentObject: {fileID: 0}
  m_PrefabInternal: {fileID: 0}
  serializedVersion: 5
  m_Component:
  - component: {fileID: 1142321179}
  - component: {fileID: 1142321180}
  m_Layer: 0
  m_Name: WheelBL
  m_TagString: Untagged
  m_Icon: {fileID: 0}
  m_NavMeshLayer: 0
  m_StaticEditorFlags: 0
  m_IsActive: 1
--- !u!4 &1142321179
Transform:
  m_ObjectHideFlags: 0
  m_PrefabParentObject: {fileID: 0}
  m_PrefabInternal: {fileID: 0}
  m_GameObject: {fileID: 1142321178}
  m_LocalRotation: {x: 0, y: 0, z: 0, w: 1}
  m_LocalPosition: {x: 1.2500967, y: 0.46259, z: 1.9314804}
  m_LocalScale: {x: 1.0631195, y: 1.063119, z: 1.063119}
  m_Children:
  - {fileID: 2122906912}
  m_Father: {fileID: 1424512646}
  m_RootOrder: 2
  m_LocalEulerAnglesHint: {x: 0, y: 0, z: 0}
--- !u!146 &1142321180
WheelCollider:
  m_ObjectHideFlags: 0
  m_PrefabParentObject: {fileID: 0}
  m_PrefabInternal: {fileID: 0}
  m_GameObject: {fileID: 1142321178}
  m_Center: {x: 0, y: 0, z: 0}
  m_Radius: 0.4
  m_SuspensionSpring:
    spring: 13800
    damper: 4500
    targetPosition: 0.5
  m_SuspensionDistance: 0.3
  m_ForceAppPointDistance: 0
  m_Mass: 20
  m_WheelDampingRate: 0.5
  m_ForwardFriction:
    m_ExtremumSlip: 0.25
    m_ExtremumValue: 2.5
    m_AsymptoteSlip: 0.9
    m_AsymptoteValue: 1
    m_Stiffness: 1
  m_SidewaysFriction:
    m_ExtremumSlip: 0.3
    m_ExtremumValue: 0.8
    m_AsymptoteSlip: 0.6
    m_AsymptoteValue: 0.4
    m_Stiffness: 1
  m_Enabled: 1
--- !u!1 &1231606001
GameObject:
  m_ObjectHideFlags: 0
  m_PrefabParentObject: {fileID: 0}
  m_PrefabInternal: {fileID: 0}
  serializedVersion: 5
  m_Component:
  - component: {fileID: 1231606005}
  - component: {fileID: 1231606004}
  - component: {fileID: 1231606003}
  - component: {fileID: 1231606002}
  m_Layer: 0
  m_Name: thirdPersBack
  m_TagString: MainCamera
  m_Icon: {fileID: 0}
  m_NavMeshLayer: 0
  m_StaticEditorFlags: 0
  m_IsActive: 1
--- !u!81 &1231606002
AudioListener:
  m_ObjectHideFlags: 0
  m_PrefabParentObject: {fileID: 0}
  m_PrefabInternal: {fileID: 0}
  m_GameObject: {fileID: 1231606001}
  m_Enabled: 0
--- !u!124 &1231606003
Behaviour:
  m_ObjectHideFlags: 0
  m_PrefabParentObject: {fileID: 0}
  m_PrefabInternal: {fileID: 0}
  m_GameObject: {fileID: 1231606001}
  m_Enabled: 1
--- !u!20 &1231606004
Camera:
  m_ObjectHideFlags: 0
  m_PrefabParentObject: {fileID: 0}
  m_PrefabInternal: {fileID: 0}
  m_GameObject: {fileID: 1231606001}
  m_Enabled: 1
  serializedVersion: 2
  m_ClearFlags: 1
  m_BackGroundColor: {r: 0.19215687, g: 0.3019608, b: 0.4745098, a: 0}
  m_NormalizedViewPortRect:
    serializedVersion: 2
    x: 0
    y: 0
    width: 1
    height: 1
  near clip plane: 0.3
  far clip plane: 1000
  field of view: 60
  orthographic: 0
  orthographic size: 5
  m_Depth: -1
  m_CullingMask:
    serializedVersion: 2
    m_Bits: 4294967295
  m_RenderingPath: -1
  m_TargetTexture: {fileID: 0}
  m_TargetDisplay: 0
  m_TargetEye: 3
  m_HDR: 1
  m_AllowMSAA: 1
  m_AllowDynamicResolution: 0
  m_ForceIntoRT: 0
  m_OcclusionCulling: 1
  m_StereoConvergence: 10
  m_StereoSeparation: 0.022
--- !u!4 &1231606005
Transform:
  m_ObjectHideFlags: 0
  m_PrefabParentObject: {fileID: 0}
  m_PrefabInternal: {fileID: 0}
  m_GameObject: {fileID: 1231606001}
  m_LocalRotation: {x: 0, y: 0.9902681, z: -0.13917309, w: 0}
  m_LocalPosition: {x: 0, y: 4, z: 8}
  m_LocalScale: {x: 1, y: 1, z: 1}
  m_Children: []
  m_Father: {fileID: 48257307}
  m_RootOrder: 7
  m_LocalEulerAnglesHint: {x: 16, y: 180, z: 0}
--- !u!1 &1247125137
GameObject:
  m_ObjectHideFlags: 0
  m_PrefabParentObject: {fileID: 1791298341679880, guid: f42d189fb042b1b4aa51eed6a77f9eec,
    type: 2}
  m_PrefabInternal: {fileID: 0}
  serializedVersion: 5
  m_Component:
  - component: {fileID: 1247125138}
  - component: {fileID: 1247125140}
  - component: {fileID: 1247125139}
  - component: {fileID: 1247125142}
  m_Layer: 0
  m_Name: Car
  m_TagString: Untagged
  m_Icon: {fileID: 0}
  m_NavMeshLayer: 0
  m_StaticEditorFlags: 0
  m_IsActive: 1
--- !u!4 &1247125138
Transform:
  m_ObjectHideFlags: 0
  m_PrefabParentObject: {fileID: 4335560100197636, guid: f42d189fb042b1b4aa51eed6a77f9eec,
    type: 2}
  m_PrefabInternal: {fileID: 0}
  m_GameObject: {fileID: 1247125137}
  m_LocalRotation: {x: -4.32978e-17, y: 0.7071067, z: 0.7071068, w: -4.3297806e-17}
  m_LocalPosition: {x: 0, y: 0.26809108, z: 0}
  m_LocalScale: {x: 1, y: 1, z: 1}
  m_Children: []
  m_Father: {fileID: 48257307}
  m_RootOrder: 6
  m_LocalEulerAnglesHint: {x: 0, y: 0, z: 0}
--- !u!23 &1247125139
MeshRenderer:
  m_ObjectHideFlags: 0
  m_PrefabParentObject: {fileID: 23644719856850434, guid: f42d189fb042b1b4aa51eed6a77f9eec,
    type: 2}
  m_PrefabInternal: {fileID: 0}
  m_GameObject: {fileID: 1247125137}
  m_Enabled: 1
  m_CastShadows: 1
  m_ReceiveShadows: 1
  m_DynamicOccludee: 1
  m_MotionVectors: 1
  m_LightProbeUsage: 1
  m_ReflectionProbeUsage: 1
  m_Materials:
  - {fileID: 2100000, guid: 43dfabeee1bd5fd4ba00b3124846833e, type: 2}
  - {fileID: 2100000, guid: 19409b66dc0728040a44b2794a606af8, type: 2}
  - {fileID: 2100000, guid: d278c1832c7fac747ad393b57125899f, type: 2}
  - {fileID: 2100000, guid: a29546b3198661440a66445dcd8bc3fb, type: 2}
  - {fileID: 2100000, guid: 45e40248723a37c4b940c7e030d1c655, type: 2}
  - {fileID: 2100000, guid: 8bf1315c1006ad547a7e632b8670703d, type: 2}
  - {fileID: 2100000, guid: 7c629ab3a21f6844bbe5ac9626bed670, type: 2}
  - {fileID: 2100000, guid: 7027c2918332dd947b16fe6811e8b19e, type: 2}
  - {fileID: 2100000, guid: eacf8eae7fa33814caa5c1eb12b78cb5, type: 2}
  - {fileID: 2100000, guid: 66e7a77d2797d24409b4f73c53d8737a, type: 2}
  - {fileID: 2100000, guid: b1cce06bb88cda9439b2eb7291594bea, type: 2}
  m_StaticBatchInfo:
    firstSubMesh: 0
    subMeshCount: 0
  m_StaticBatchRoot: {fileID: 0}
  m_ProbeAnchor: {fileID: 0}
  m_LightProbeVolumeOverride: {fileID: 0}
  m_ScaleInLightmap: 1
  m_PreserveUVs: 0
  m_IgnoreNormalsForChartDetection: 0
  m_ImportantGI: 0
  m_StitchLightmapSeams: 0
  m_SelectedEditorRenderState: 3
  m_MinimumChartSize: 4
  m_AutoUVMaxDistance: 0.5
  m_AutoUVMaxAngle: 89
  m_LightmapParameters: {fileID: 0}
  m_SortingLayerID: 0
  m_SortingLayer: 0
  m_SortingOrder: 0
--- !u!33 &1247125140
MeshFilter:
  m_ObjectHideFlags: 0
  m_PrefabParentObject: {fileID: 33513215269954982, guid: f42d189fb042b1b4aa51eed6a77f9eec,
    type: 2}
  m_PrefabInternal: {fileID: 0}
  m_GameObject: {fileID: 1247125137}
  m_Mesh: {fileID: 4300030, guid: bd5297d9a5b63ad48912675a84018a7b, type: 3}
--- !u!64 &1247125142
MeshCollider:
  m_ObjectHideFlags: 0
  m_PrefabParentObject: {fileID: 0}
  m_PrefabInternal: {fileID: 0}
  m_GameObject: {fileID: 1247125137}
  m_Material: {fileID: 0}
  m_IsTrigger: 0
  m_Enabled: 1
  serializedVersion: 3
  m_Convex: 1
  m_CookingOptions: 14
  m_SkinWidth: 0.01
  m_Mesh: {fileID: 4300030, guid: bd5297d9a5b63ad48912675a84018a7b, type: 3}
--- !u!1 &1372209599
GameObject:
  m_ObjectHideFlags: 0
  m_PrefabParentObject: {fileID: 0}
  m_PrefabInternal: {fileID: 0}
  serializedVersion: 5
  m_Component:
  - component: {fileID: 1372209601}
  - component: {fileID: 1372209600}
  m_Layer: 0
  m_Name: WheelBR
  m_TagString: Untagged
  m_Icon: {fileID: 0}
  m_NavMeshLayer: 0
  m_StaticEditorFlags: 0
  m_IsActive: 1
--- !u!146 &1372209600
WheelCollider:
  m_ObjectHideFlags: 0
  m_PrefabParentObject: {fileID: 0}
  m_PrefabInternal: {fileID: 0}
  m_GameObject: {fileID: 1372209599}
  m_Center: {x: 0, y: 0, z: 0}
  m_Radius: 0.4
  m_SuspensionSpring:
    spring: 30000
    damper: 4500
    targetPosition: 0.5
  m_SuspensionDistance: 0.3
  m_ForceAppPointDistance: 0
  m_Mass: 20
  m_WheelDampingRate: 0.5
  m_ForwardFriction:
    m_ExtremumSlip: 0.25
    m_ExtremumValue: 2.5
    m_AsymptoteSlip: 0.9
    m_AsymptoteValue: 1
    m_Stiffness: 1
  m_SidewaysFriction:
    m_ExtremumSlip: 0.3
    m_ExtremumValue: 0.8
    m_AsymptoteSlip: 0.6
    m_AsymptoteValue: 0.4
    m_Stiffness: 1
  m_Enabled: 1
--- !u!4 &1372209601
Transform:
  m_ObjectHideFlags: 0
  m_PrefabParentObject: {fileID: 0}
  m_PrefabInternal: {fileID: 0}
  m_GameObject: {fileID: 1372209599}
  m_LocalRotation: {x: 0, y: 0, z: 0, w: 1}
  m_LocalPosition: {x: -1.2501, y: 0.46259, z: 1.93148}
  m_LocalScale: {x: 1, y: 1, z: 1}
  m_Children:
  - {fileID: 425990531}
  m_Father: {fileID: 1424512646}
  m_RootOrder: 3
  m_LocalEulerAnglesHint: {x: 0, y: 0, z: 0}
--- !u!1 &1424512645
GameObject:
  m_ObjectHideFlags: 0
  m_PrefabParentObject: {fileID: 1454031302709446, guid: f42d189fb042b1b4aa51eed6a77f9eec,
    type: 2}
  m_PrefabInternal: {fileID: 0}
  serializedVersion: 5
  m_Component:
  - component: {fileID: 1424512646}
  m_Layer: 0
  m_Name: Wheels
  m_TagString: Untagged
  m_Icon: {fileID: 0}
  m_NavMeshLayer: 0
  m_StaticEditorFlags: 0
  m_IsActive: 1
--- !u!4 &1424512646
Transform:
  m_ObjectHideFlags: 0
  m_PrefabParentObject: {fileID: 4737311063515138, guid: f42d189fb042b1b4aa51eed6a77f9eec,
    type: 2}
  m_PrefabInternal: {fileID: 0}
  m_GameObject: {fileID: 1424512645}
  m_LocalRotation: {x: 0, y: 0, z: 0, w: 1}
  m_LocalPosition: {x: 0, y: 0, z: 0}
  m_LocalScale: {x: 1, y: 1, z: 1}
  m_Children:
  - {fileID: 1534608124}
  - {fileID: 2107975420}
  - {fileID: 1142321179}
  - {fileID: 1372209601}
  m_Father: {fileID: 48257307}
  m_RootOrder: 2
  m_LocalEulerAnglesHint: {x: 0, y: 0, z: 0}
--- !u!1 &1454072290
GameObject:
  m_ObjectHideFlags: 0
  m_PrefabParentObject: {fileID: 0}
  m_PrefabInternal: {fileID: 0}
  serializedVersion: 5
  m_Component:
  - component: {fileID: 1454072292}
  - component: {fileID: 1454072291}
  m_Layer: 0
  m_Name: Directional Light
  m_TagString: Untagged
  m_Icon: {fileID: 0}
  m_NavMeshLayer: 0
  m_StaticEditorFlags: 0
  m_IsActive: 1
--- !u!108 &1454072291
Light:
  m_ObjectHideFlags: 0
  m_PrefabParentObject: {fileID: 0}
  m_PrefabInternal: {fileID: 0}
  m_GameObject: {fileID: 1454072290}
  m_Enabled: 1
  serializedVersion: 8
  m_Type: 1
  m_Color: {r: 1, g: 0.95686275, b: 0.8392157, a: 1}
  m_Intensity: 1
  m_Range: 10
  m_SpotAngle: 30
  m_CookieSize: 10
  m_Shadows:
    m_Type: 2
    m_Resolution: -1
    m_CustomResolution: -1
    m_Strength: 1
    m_Bias: 0.05
    m_NormalBias: 0.4
    m_NearPlane: 0.2
  m_Cookie: {fileID: 0}
  m_DrawHalo: 0
  m_Flare: {fileID: 0}
  m_RenderMode: 0
  m_CullingMask:
    serializedVersion: 2
    m_Bits: 4294967295
  m_Lightmapping: 4
  m_AreaSize: {x: 1, y: 1}
  m_BounceIntensity: 1
  m_ColorTemperature: 6570
  m_UseColorTemperature: 0
  m_ShadowRadius: 0
  m_ShadowAngle: 0
--- !u!4 &1454072292
Transform:
  m_ObjectHideFlags: 0
  m_PrefabParentObject: {fileID: 0}
  m_PrefabInternal: {fileID: 0}
  m_GameObject: {fileID: 1454072290}
  m_LocalRotation: {x: 0.40821788, y: -0.23456968, z: 0.10938163, w: 0.8754261}
  m_LocalPosition: {x: 0, y: 3, z: 0}
  m_LocalScale: {x: 1, y: 1, z: 1}
  m_Children: []
  m_Father: {fileID: 0}
  m_RootOrder: 1
  m_LocalEulerAnglesHint: {x: 50, y: -30, z: 0}
--- !u!1 &1534608123
GameObject:
  m_ObjectHideFlags: 0
  m_PrefabParentObject: {fileID: 0}
  m_PrefabInternal: {fileID: 0}
  serializedVersion: 5
  m_Component:
  - component: {fileID: 1534608124}
  - component: {fileID: 1534608125}
  m_Layer: 0
  m_Name: WheelFR
  m_TagString: Untagged
  m_Icon: {fileID: 0}
  m_NavMeshLayer: 0
  m_StaticEditorFlags: 0
  m_IsActive: 1
--- !u!4 &1534608124
Transform:
  m_ObjectHideFlags: 0
  m_PrefabParentObject: {fileID: 0}
  m_PrefabInternal: {fileID: 0}
  m_GameObject: {fileID: 1534608123}
  m_LocalRotation: {x: 0, y: 0, z: 0, w: 1}
  m_LocalPosition: {x: -1.2501, y: 0.46259, z: -1.8368316}
  m_LocalScale: {x: -1.0631195, y: -1.063119, z: -1.063119}
  m_Children:
  - {fileID: 907852945}
  m_Father: {fileID: 1424512646}
  m_RootOrder: 0
  m_LocalEulerAnglesHint: {x: 0, y: 0, z: 0}
--- !u!146 &1534608125
WheelCollider:
  m_ObjectHideFlags: 0
  m_PrefabParentObject: {fileID: 0}
  m_PrefabInternal: {fileID: 0}
  m_GameObject: {fileID: 1534608123}
  m_Center: {x: 0, y: 0, z: 0}
  m_Radius: 0.4
  m_SuspensionSpring:
    spring: 30000
    damper: 4500
    targetPosition: 0.5
  m_SuspensionDistance: 0.3
  m_ForceAppPointDistance: 0
  m_Mass: 20
  m_WheelDampingRate: 0.5
  m_ForwardFriction:
    m_ExtremumSlip: 0.25
    m_ExtremumValue: 2.5
    m_AsymptoteSlip: 0.9
    m_AsymptoteValue: 1
    m_Stiffness: 2
  m_SidewaysFriction:
    m_ExtremumSlip: 0.3
    m_ExtremumValue: 0.6
    m_AsymptoteSlip: 0.8
    m_AsymptoteValue: 0.4
    m_Stiffness: 2
  m_Enabled: 1
--- !u!1 &1608739368
GameObject:
  m_ObjectHideFlags: 0
  m_PrefabParentObject: {fileID: 0}
  m_PrefabInternal: {fileID: 0}
  serializedVersion: 5
  m_Component:
  - component: {fileID: 1608739369}
  m_Layer: 0
  m_Name: GameObject
  m_TagString: Untagged
  m_Icon: {fileID: 0}
  m_NavMeshLayer: 0
  m_StaticEditorFlags: 0
  m_IsActive: 1
--- !u!4 &1608739369
Transform:
  m_ObjectHideFlags: 0
  m_PrefabParentObject: {fileID: 0}
  m_PrefabInternal: {fileID: 0}
  m_GameObject: {fileID: 1608739368}
  m_LocalRotation: {x: -4.32978e-17, y: 0.7071067, z: 0.7071068, w: -4.3297806e-17}
  m_LocalPosition: {x: 0, y: 0.56663203, z: -1.8739278}
  m_LocalScale: {x: 0.66677797, y: 0.6667775, z: 0.6667775}
  m_Children:
  - {fileID: 236624237}
  m_Father: {fileID: 48257307}
  m_RootOrder: 0
  m_LocalEulerAnglesHint: {x: 0, y: 0, z: 0}
--- !u!1 &1636260215
GameObject:
  m_ObjectHideFlags: 0
  m_PrefabParentObject: {fileID: 0}
  m_PrefabInternal: {fileID: 0}
  serializedVersion: 5
  m_Component:
  - component: {fileID: 1636260219}
  - component: {fileID: 1636260216}
  - component: {fileID: 1636260218}
  - component: {fileID: 1636260217}
  m_Layer: 0
  m_Name: thirdPersRight
  m_TagString: MainCamera
  m_Icon: {fileID: 0}
  m_NavMeshLayer: 0
  m_StaticEditorFlags: 0
  m_IsActive: 1
--- !u!20 &1636260216
Camera:
  m_ObjectHideFlags: 0
  m_PrefabParentObject: {fileID: 0}
  m_PrefabInternal: {fileID: 0}
  m_GameObject: {fileID: 1636260215}
  m_Enabled: 1
  serializedVersion: 2
  m_ClearFlags: 1
  m_BackGroundColor: {r: 0.19215687, g: 0.3019608, b: 0.4745098, a: 0}
  m_NormalizedViewPortRect:
    serializedVersion: 2
    x: 0
    y: 0
    width: 1
    height: 1
  near clip plane: 0.3
  far clip plane: 1000
  field of view: 60
  orthographic: 0
  orthographic size: 5
  m_Depth: -1
  m_CullingMask:
    serializedVersion: 2
    m_Bits: 4294967295
  m_RenderingPath: -1
  m_TargetTexture: {fileID: 0}
  m_TargetDisplay: 0
  m_TargetEye: 3
  m_HDR: 1
  m_AllowMSAA: 1
  m_AllowDynamicResolution: 0
  m_ForceIntoRT: 0
  m_OcclusionCulling: 1
  m_StereoConvergence: 10
  m_StereoSeparation: 0.022
--- !u!81 &1636260217
AudioListener:
  m_ObjectHideFlags: 0
  m_PrefabParentObject: {fileID: 0}
  m_PrefabInternal: {fileID: 0}
  m_GameObject: {fileID: 1636260215}
  m_Enabled: 0
--- !u!124 &1636260218
Behaviour:
  m_ObjectHideFlags: 0
  m_PrefabParentObject: {fileID: 0}
  m_PrefabInternal: {fileID: 0}
  m_GameObject: {fileID: 1636260215}
  m_Enabled: 1
--- !u!4 &1636260219
Transform:
  m_ObjectHideFlags: 0
  m_PrefabParentObject: {fileID: 0}
  m_PrefabInternal: {fileID: 0}
  m_GameObject: {fileID: 1636260215}
  m_LocalRotation: {x: -0, y: 0.9902681, z: -0.13917309, w: 0}
  m_LocalPosition: {x: -4, y: 4, z: 8}
  m_LocalScale: {x: 1.000001, y: 1, z: 1.0000007}
  m_Children: []
  m_Father: {fileID: 48257307}
  m_RootOrder: 9
  m_LocalEulerAnglesHint: {x: 16, y: 180, z: 0}
--- !u!1 &1685125261
GameObject:
  m_ObjectHideFlags: 0
  m_PrefabParentObject: {fileID: 1734201872015396, guid: f42d189fb042b1b4aa51eed6a77f9eec,
    type: 2}
  m_PrefabInternal: {fileID: 0}
  serializedVersion: 5
  m_Component:
  - component: {fileID: 1685125262}
  - component: {fileID: 1685125264}
  - component: {fileID: 1685125263}
  m_Layer: 0
  m_Name: DoorR
  m_TagString: Untagged
  m_Icon: {fileID: 0}
  m_NavMeshLayer: 0
  m_StaticEditorFlags: 0
  m_IsActive: 1
--- !u!4 &1685125262
Transform:
  m_ObjectHideFlags: 0
  m_PrefabParentObject: {fileID: 4267410792049960, guid: f42d189fb042b1b4aa51eed6a77f9eec,
    type: 2}
  m_PrefabInternal: {fileID: 0}
  m_GameObject: {fileID: 1685125261}
  m_LocalRotation: {x: 4.32978e-17, y: -0.7071067, z: 0.7071068, w: -4.3297806e-17}
  m_LocalPosition: {x: -1.41843, y: 0.4575311, z: -0.8112611}
  m_LocalScale: {x: -1, y: -1, z: -1}
  m_Children: []
  m_Father: {fileID: 1690906851}
  m_RootOrder: 1
  m_LocalEulerAnglesHint: {x: 0, y: 0, z: 0}
--- !u!23 &1685125263
MeshRenderer:
  m_ObjectHideFlags: 0
  m_PrefabParentObject: {fileID: 23324846615282760, guid: f42d189fb042b1b4aa51eed6a77f9eec,
    type: 2}
  m_PrefabInternal: {fileID: 0}
  m_GameObject: {fileID: 1685125261}
  m_Enabled: 1
  m_CastShadows: 1
  m_ReceiveShadows: 1
  m_DynamicOccludee: 1
  m_MotionVectors: 1
  m_LightProbeUsage: 1
  m_ReflectionProbeUsage: 1
  m_Materials:
  - {fileID: 2100000, guid: 43dfabeee1bd5fd4ba00b3124846833e, type: 2}
  - {fileID: 2100000, guid: 45e40248723a37c4b940c7e030d1c655, type: 2}
  - {fileID: 2100000, guid: 8bf1315c1006ad547a7e632b8670703d, type: 2}
  m_StaticBatchInfo:
    firstSubMesh: 0
    subMeshCount: 0
  m_StaticBatchRoot: {fileID: 0}
  m_ProbeAnchor: {fileID: 0}
  m_LightProbeVolumeOverride: {fileID: 0}
  m_ScaleInLightmap: 1
  m_PreserveUVs: 0
  m_IgnoreNormalsForChartDetection: 0
  m_ImportantGI: 0
  m_StitchLightmapSeams: 0
  m_SelectedEditorRenderState: 3
  m_MinimumChartSize: 4
  m_AutoUVMaxDistance: 0.5
  m_AutoUVMaxAngle: 89
  m_LightmapParameters: {fileID: 0}
  m_SortingLayerID: 0
  m_SortingLayer: 0
  m_SortingOrder: 0
--- !u!33 &1685125264
MeshFilter:
  m_ObjectHideFlags: 0
  m_PrefabParentObject: {fileID: 33113784809038512, guid: f42d189fb042b1b4aa51eed6a77f9eec,
    type: 2}
  m_PrefabInternal: {fileID: 0}
  m_GameObject: {fileID: 1685125261}
  m_Mesh: {fileID: 4300012, guid: bd5297d9a5b63ad48912675a84018a7b, type: 3}
--- !u!1 &1690906850
GameObject:
  m_ObjectHideFlags: 0
  m_PrefabParentObject: {fileID: 1599593108481708, guid: f42d189fb042b1b4aa51eed6a77f9eec,
    type: 2}
  m_PrefabInternal: {fileID: 0}
  serializedVersion: 5
  m_Component:
  - component: {fileID: 1690906851}
  m_Layer: 0
  m_Name: Doors
  m_TagString: Untagged
  m_Icon: {fileID: 0}
  m_NavMeshLayer: 0
  m_StaticEditorFlags: 0
  m_IsActive: 1
--- !u!4 &1690906851
Transform:
  m_ObjectHideFlags: 0
  m_PrefabParentObject: {fileID: 4014463199004128, guid: f42d189fb042b1b4aa51eed6a77f9eec,
    type: 2}
  m_PrefabInternal: {fileID: 0}
  m_GameObject: {fileID: 1690906850}
  m_LocalRotation: {x: 0, y: 0, z: 0, w: 1}
  m_LocalPosition: {x: 0, y: 0, z: 0}
  m_LocalScale: {x: 1, y: 1, z: 1}
  m_Children:
  - {fileID: 2037345374}
  - {fileID: 1685125262}
  - {fileID: 1056688072}
  - {fileID: 2029828347}
  m_Father: {fileID: 48257307}
  m_RootOrder: 1
  m_LocalEulerAnglesHint: {x: 0, y: 0, z: 0}
--- !u!1 &1943375756
GameObject:
  m_ObjectHideFlags: 0
  m_PrefabParentObject: {fileID: 1107868466801130, guid: f42d189fb042b1b4aa51eed6a77f9eec,
    type: 2}
  m_PrefabInternal: {fileID: 0}
  serializedVersion: 5
  m_Component:
  - component: {fileID: 1943375760}
  - component: {fileID: 1943375759}
  - component: {fileID: 1943375757}
  m_Layer: 0
  m_Name: WheelBR
  m_TagString: Untagged
  m_Icon: {fileID: 0}
  m_NavMeshLayer: 0
  m_StaticEditorFlags: 0
  m_IsActive: 1
--- !u!23 &1943375757
MeshRenderer:
  m_ObjectHideFlags: 0
  m_PrefabParentObject: {fileID: 23446326195657626, guid: f42d189fb042b1b4aa51eed6a77f9eec,
    type: 2}
  m_PrefabInternal: {fileID: 0}
  m_GameObject: {fileID: 1943375756}
  m_Enabled: 1
  m_CastShadows: 1
  m_ReceiveShadows: 1
  m_DynamicOccludee: 1
  m_MotionVectors: 1
  m_LightProbeUsage: 1
  m_ReflectionProbeUsage: 1
  m_Materials:
  - {fileID: 2100000, guid: da2943d5301e2564e96a133c96304682, type: 2}
  - {fileID: 2100000, guid: 8bf1315c1006ad547a7e632b8670703d, type: 2}
  - {fileID: 2100000, guid: d278c1832c7fac747ad393b57125899f, type: 2}
  m_StaticBatchInfo:
    firstSubMesh: 0
    subMeshCount: 0
  m_StaticBatchRoot: {fileID: 0}
  m_ProbeAnchor: {fileID: 0}
  m_LightProbeVolumeOverride: {fileID: 0}
  m_ScaleInLightmap: 1
  m_PreserveUVs: 0
  m_IgnoreNormalsForChartDetection: 0
  m_ImportantGI: 0
  m_StitchLightmapSeams: 0
  m_SelectedEditorRenderState: 3
  m_MinimumChartSize: 4
  m_AutoUVMaxDistance: 0.5
  m_AutoUVMaxAngle: 89
  m_LightmapParameters: {fileID: 0}
  m_SortingLayerID: 0
  m_SortingLayer: 0
  m_SortingOrder: 0
--- !u!33 &1943375759
MeshFilter:
  m_ObjectHideFlags: 0
  m_PrefabParentObject: {fileID: 33718920724666748, guid: f42d189fb042b1b4aa51eed6a77f9eec,
    type: 2}
  m_PrefabInternal: {fileID: 0}
  m_GameObject: {fileID: 1943375756}
  m_Mesh: {fileID: 4300006, guid: bd5297d9a5b63ad48912675a84018a7b, type: 3}
--- !u!4 &1943375760
Transform:
  m_ObjectHideFlags: 0
  m_PrefabParentObject: {fileID: 4717866224709426, guid: f42d189fb042b1b4aa51eed6a77f9eec,
    type: 2}
  m_PrefabInternal: {fileID: 0}
  m_GameObject: {fileID: 1943375756}
  m_LocalRotation: {x: -0, y: 1, z: -0, w: 0}
  m_LocalPosition: {x: 0, y: 0, z: -0}
  m_LocalScale: {x: -1.0631195, y: -1.063119, z: -1.063119}
  m_Children: []
  m_Father: {fileID: 425990531}
  m_RootOrder: 0
  m_LocalEulerAnglesHint: {x: 0, y: 180, z: 0}
--- !u!1 &1955473722
GameObject:
  m_ObjectHideFlags: 0
  m_PrefabParentObject: {fileID: 1317914962648288, guid: f42d189fb042b1b4aa51eed6a77f9eec,
    type: 2}
  m_PrefabInternal: {fileID: 0}
  serializedVersion: 5
  m_Component:
  - component: {fileID: 1955473723}
  - component: {fileID: 1955473726}
  - component: {fileID: 1955473725}
  m_Layer: 0
  m_Name: WheelBL
  m_TagString: Untagged
  m_Icon: {fileID: 0}
  m_NavMeshLayer: 0
  m_StaticEditorFlags: 0
  m_IsActive: 1
--- !u!4 &1955473723
Transform:
  m_ObjectHideFlags: 0
  m_PrefabParentObject: {fileID: 4893436213131000, guid: f42d189fb042b1b4aa51eed6a77f9eec,
    type: 2}
  m_PrefabInternal: {fileID: 0}
  m_GameObject: {fileID: 1955473722}
  m_LocalRotation: {x: -0, y: 1, z: -0, w: 0}
  m_LocalPosition: {x: 0, y: 0, z: 0}
  m_LocalScale: {x: 1, y: 1, z: 1}
  m_Children: []
  m_Father: {fileID: 2122906912}
  m_RootOrder: 0
  m_LocalEulerAnglesHint: {x: 0, y: 180, z: 0}
--- !u!23 &1955473725
MeshRenderer:
  m_ObjectHideFlags: 0
  m_PrefabParentObject: {fileID: 23617952216114542, guid: f42d189fb042b1b4aa51eed6a77f9eec,
    type: 2}
  m_PrefabInternal: {fileID: 0}
  m_GameObject: {fileID: 1955473722}
  m_Enabled: 1
  m_CastShadows: 1
  m_ReceiveShadows: 1
  m_DynamicOccludee: 1
  m_MotionVectors: 1
  m_LightProbeUsage: 1
  m_ReflectionProbeUsage: 1
  m_Materials:
  - {fileID: 2100000, guid: da2943d5301e2564e96a133c96304682, type: 2}
  - {fileID: 2100000, guid: 8bf1315c1006ad547a7e632b8670703d, type: 2}
  - {fileID: 2100000, guid: d278c1832c7fac747ad393b57125899f, type: 2}
  m_StaticBatchInfo:
    firstSubMesh: 0
    subMeshCount: 0
  m_StaticBatchRoot: {fileID: 0}
  m_ProbeAnchor: {fileID: 0}
  m_LightProbeVolumeOverride: {fileID: 0}
  m_ScaleInLightmap: 1
  m_PreserveUVs: 0
  m_IgnoreNormalsForChartDetection: 0
  m_ImportantGI: 0
  m_StitchLightmapSeams: 0
  m_SelectedEditorRenderState: 3
  m_MinimumChartSize: 4
  m_AutoUVMaxDistance: 0.5
  m_AutoUVMaxAngle: 89
  m_LightmapParameters: {fileID: 0}
  m_SortingLayerID: 0
  m_SortingLayer: 0
  m_SortingOrder: 0
--- !u!33 &1955473726
MeshFilter:
  m_ObjectHideFlags: 0
  m_PrefabParentObject: {fileID: 33757054511079154, guid: f42d189fb042b1b4aa51eed6a77f9eec,
    type: 2}
  m_PrefabInternal: {fileID: 0}
  m_GameObject: {fileID: 1955473722}
  m_Mesh: {fileID: 4300016, guid: bd5297d9a5b63ad48912675a84018a7b, type: 3}
--- !u!1 &2028148201
GameObject:
  m_ObjectHideFlags: 0
  m_PrefabParentObject: {fileID: 1662059455421958, guid: f42d189fb042b1b4aa51eed6a77f9eec,
    type: 2}
  m_PrefabInternal: {fileID: 0}
  serializedVersion: 5
  m_Component:
  - component: {fileID: 2028148202}
  - component: {fileID: 2028148204}
  - component: {fileID: 2028148203}
  m_Layer: 0
  m_Name: Seat2
  m_TagString: Untagged
  m_Icon: {fileID: 0}
  m_NavMeshLayer: 0
  m_StaticEditorFlags: 0
  m_IsActive: 1
--- !u!4 &2028148202
Transform:
  m_ObjectHideFlags: 0
  m_PrefabParentObject: {fileID: 4605774753648456, guid: f42d189fb042b1b4aa51eed6a77f9eec,
    type: 2}
  m_PrefabInternal: {fileID: 0}
  m_GameObject: {fileID: 2028148201}
  m_LocalRotation: {x: -4.32978e-17, y: 0.7071067, z: 0.7071068, w: -4.3297806e-17}
  m_LocalPosition: {x: -0.78655, y: 0.2525635, z: -0.010692291}
  m_LocalScale: {x: 1.1361754, y: 1.1361749, z: 1.1361749}
  m_Children: []
  m_Father: {fileID: 48257307}
  m_RootOrder: 5
  m_LocalEulerAnglesHint: {x: 0, y: 0, z: 0}
--- !u!23 &2028148203
MeshRenderer:
  m_ObjectHideFlags: 0
  m_PrefabParentObject: {fileID: 23644222601784394, guid: f42d189fb042b1b4aa51eed6a77f9eec,
    type: 2}
  m_PrefabInternal: {fileID: 0}
  m_GameObject: {fileID: 2028148201}
  m_Enabled: 1
  m_CastShadows: 1
  m_ReceiveShadows: 1
  m_DynamicOccludee: 1
  m_MotionVectors: 1
  m_LightProbeUsage: 1
  m_ReflectionProbeUsage: 1
  m_Materials:
  - {fileID: 2100000, guid: 0a5978360638440448d78ef61d4e4b4a, type: 2}
  - {fileID: 2100000, guid: b7ffaf62e9bacbf45ad743463b2bdb78, type: 2}
  m_StaticBatchInfo:
    firstSubMesh: 0
    subMeshCount: 0
  m_StaticBatchRoot: {fileID: 0}
  m_ProbeAnchor: {fileID: 0}
  m_LightProbeVolumeOverride: {fileID: 0}
  m_ScaleInLightmap: 1
  m_PreserveUVs: 0
  m_IgnoreNormalsForChartDetection: 0
  m_ImportantGI: 0
  m_StitchLightmapSeams: 0
  m_SelectedEditorRenderState: 3
  m_MinimumChartSize: 4
  m_AutoUVMaxDistance: 0.5
  m_AutoUVMaxAngle: 89
  m_LightmapParameters: {fileID: 0}
  m_SortingLayerID: 0
  m_SortingLayer: 0
  m_SortingOrder: 0
--- !u!33 &2028148204
MeshFilter:
  m_ObjectHideFlags: 0
  m_PrefabParentObject: {fileID: 33938628412219258, guid: f42d189fb042b1b4aa51eed6a77f9eec,
    type: 2}
  m_PrefabInternal: {fileID: 0}
  m_GameObject: {fileID: 2028148201}
  m_Mesh: {fileID: 4300024, guid: bd5297d9a5b63ad48912675a84018a7b, type: 3}
--- !u!1 &2029828346
GameObject:
  m_ObjectHideFlags: 0
  m_PrefabParentObject: {fileID: 1267960952793850, guid: f42d189fb042b1b4aa51eed6a77f9eec,
    type: 2}
  m_PrefabInternal: {fileID: 0}
  serializedVersion: 5
  m_Component:
  - component: {fileID: 2029828347}
  - component: {fileID: 2029828349}
  - component: {fileID: 2029828348}
  m_Layer: 0
  m_Name: Trunk
  m_TagString: Untagged
  m_Icon: {fileID: 0}
  m_NavMeshLayer: 0
  m_StaticEditorFlags: 0
  m_IsActive: 1
--- !u!4 &2029828347
Transform:
  m_ObjectHideFlags: 0
  m_PrefabParentObject: {fileID: 4227598320712300, guid: f42d189fb042b1b4aa51eed6a77f9eec,
    type: 2}
  m_PrefabInternal: {fileID: 0}
  m_GameObject: {fileID: 2029828346}
  m_LocalRotation: {x: -4.329777e-17, y: 0.7071065, z: 0.7071072, w: -4.3297826e-17}
  m_LocalPosition: {x: 0, y: 1.3084533, z: 2.497835}
  m_LocalScale: {x: 1, y: 1, z: 1}
  m_Children: []
  m_Father: {fileID: 1690906851}
  m_RootOrder: 3
  m_LocalEulerAnglesHint: {x: -90.00001, y: 0, z: 179.99998}
--- !u!23 &2029828348
MeshRenderer:
  m_ObjectHideFlags: 0
  m_PrefabParentObject: {fileID: 23065775621673792, guid: f42d189fb042b1b4aa51eed6a77f9eec,
    type: 2}
  m_PrefabInternal: {fileID: 0}
  m_GameObject: {fileID: 2029828346}
  m_Enabled: 1
  m_CastShadows: 1
  m_ReceiveShadows: 1
  m_DynamicOccludee: 1
  m_MotionVectors: 1
  m_LightProbeUsage: 1
  m_ReflectionProbeUsage: 1
  m_Materials:
  - {fileID: 2100000, guid: 19409b66dc0728040a44b2794a606af8, type: 2}
  - {fileID: 2100000, guid: 43dfabeee1bd5fd4ba00b3124846833e, type: 2}
  m_StaticBatchInfo:
    firstSubMesh: 0
    subMeshCount: 0
  m_StaticBatchRoot: {fileID: 0}
  m_ProbeAnchor: {fileID: 0}
  m_LightProbeVolumeOverride: {fileID: 0}
  m_ScaleInLightmap: 1
  m_PreserveUVs: 0
  m_IgnoreNormalsForChartDetection: 0
  m_ImportantGI: 0
  m_StitchLightmapSeams: 0
  m_SelectedEditorRenderState: 3
  m_MinimumChartSize: 4
  m_AutoUVMaxDistance: 0.5
  m_AutoUVMaxAngle: 89
  m_LightmapParameters: {fileID: 0}
  m_SortingLayerID: 0
  m_SortingLayer: 0
  m_SortingOrder: 0
--- !u!33 &2029828349
MeshFilter:
  m_ObjectHideFlags: 0
  m_PrefabParentObject: {fileID: 33905973719816246, guid: f42d189fb042b1b4aa51eed6a77f9eec,
    type: 2}
  m_PrefabInternal: {fileID: 0}
  m_GameObject: {fileID: 2029828346}
  m_Mesh: {fileID: 4300004, guid: bd5297d9a5b63ad48912675a84018a7b, type: 3}
--- !u!1 &2037345373
GameObject:
  m_ObjectHideFlags: 0
  m_PrefabParentObject: {fileID: 1220491432267202, guid: f42d189fb042b1b4aa51eed6a77f9eec,
    type: 2}
  m_PrefabInternal: {fileID: 0}
  serializedVersion: 5
  m_Component:
  - component: {fileID: 2037345374}
  - component: {fileID: 2037345376}
  - component: {fileID: 2037345375}
  m_Layer: 0
  m_Name: DoorL
  m_TagString: Untagged
  m_Icon: {fileID: 0}
  m_NavMeshLayer: 0
  m_StaticEditorFlags: 0
  m_IsActive: 1
--- !u!4 &2037345374
Transform:
  m_ObjectHideFlags: 0
  m_PrefabParentObject: {fileID: 4293028881836392, guid: f42d189fb042b1b4aa51eed6a77f9eec,
    type: 2}
  m_PrefabInternal: {fileID: 0}
  m_GameObject: {fileID: 2037345373}
  m_LocalRotation: {x: -4.32978e-17, y: 0.7071067, z: 0.7071068, w: -4.3297806e-17}
  m_LocalPosition: {x: 1.4184299, y: 0.4575311, z: -0.8112611}
  m_LocalScale: {x: 1, y: 1, z: 1}
  m_Children: []
  m_Father: {fileID: 1690906851}
  m_RootOrder: 0
  m_LocalEulerAnglesHint: {x: 0, y: 0, z: 0}
--- !u!23 &2037345375
MeshRenderer:
  m_ObjectHideFlags: 0
  m_PrefabParentObject: {fileID: 23259622884802202, guid: f42d189fb042b1b4aa51eed6a77f9eec,
    type: 2}
  m_PrefabInternal: {fileID: 0}
  m_GameObject: {fileID: 2037345373}
  m_Enabled: 1
  m_CastShadows: 1
  m_ReceiveShadows: 1
  m_DynamicOccludee: 1
  m_MotionVectors: 1
  m_LightProbeUsage: 1
  m_ReflectionProbeUsage: 1
  m_Materials:
  - {fileID: 2100000, guid: 43dfabeee1bd5fd4ba00b3124846833e, type: 2}
  - {fileID: 2100000, guid: 45e40248723a37c4b940c7e030d1c655, type: 2}
  - {fileID: 2100000, guid: 8bf1315c1006ad547a7e632b8670703d, type: 2}
  m_StaticBatchInfo:
    firstSubMesh: 0
    subMeshCount: 0
  m_StaticBatchRoot: {fileID: 0}
  m_ProbeAnchor: {fileID: 0}
  m_LightProbeVolumeOverride: {fileID: 0}
  m_ScaleInLightmap: 1
  m_PreserveUVs: 0
  m_IgnoreNormalsForChartDetection: 0
  m_ImportantGI: 0
  m_StitchLightmapSeams: 0
  m_SelectedEditorRenderState: 3
  m_MinimumChartSize: 4
  m_AutoUVMaxDistance: 0.5
  m_AutoUVMaxAngle: 89
  m_LightmapParameters: {fileID: 0}
  m_SortingLayerID: 0
  m_SortingLayer: 0
  m_SortingOrder: 0
--- !u!33 &2037345376
MeshFilter:
  m_ObjectHideFlags: 0
  m_PrefabParentObject: {fileID: 33467536666320066, guid: f42d189fb042b1b4aa51eed6a77f9eec,
    type: 2}
  m_PrefabInternal: {fileID: 0}
  m_GameObject: {fileID: 2037345373}
  m_Mesh: {fileID: 4300028, guid: bd5297d9a5b63ad48912675a84018a7b, type: 3}
--- !u!1 &2107975419
GameObject:
  m_ObjectHideFlags: 0
  m_PrefabParentObject: {fileID: 0}
  m_PrefabInternal: {fileID: 0}
  serializedVersion: 5
  m_Component:
  - component: {fileID: 2107975420}
  - component: {fileID: 2107975421}
  m_Layer: 0
  m_Name: WheelFL
  m_TagString: Untagged
  m_Icon: {fileID: 0}
  m_NavMeshLayer: 0
  m_StaticEditorFlags: 0
  m_IsActive: 1
--- !u!4 &2107975420
Transform:
  m_ObjectHideFlags: 0
  m_PrefabParentObject: {fileID: 0}
  m_PrefabInternal: {fileID: 0}
  m_GameObject: {fileID: 2107975419}
  m_LocalRotation: {x: 0, y: 0, z: 0, w: 1}
  m_LocalPosition: {x: 1.2500967, y: 0.46259, z: -1.8368318}
  m_LocalScale: {x: 1.0631195, y: 1.063119, z: 1.063119}
  m_Children:
  - {fileID: 1003599431}
  m_Father: {fileID: 1424512646}
  m_RootOrder: 1
  m_LocalEulerAnglesHint: {x: 0, y: 0, z: 0}
--- !u!146 &2107975421
WheelCollider:
  m_ObjectHideFlags: 0
  m_PrefabParentObject: {fileID: 0}
  m_PrefabInternal: {fileID: 0}
  m_GameObject: {fileID: 2107975419}
  m_Center: {x: 0, y: 0, z: 0}
  m_Radius: 0.4
  m_SuspensionSpring:
    spring: 30000
    damper: 4500
    targetPosition: 0.5
  m_SuspensionDistance: 0.3
  m_ForceAppPointDistance: 0
  m_Mass: 20
  m_WheelDampingRate: 0.5
  m_ForwardFriction:
    m_ExtremumSlip: 0.25
    m_ExtremumValue: 2.5
    m_AsymptoteSlip: 0.9
    m_AsymptoteValue: 1
    m_Stiffness: 1
  m_SidewaysFriction:
    m_ExtremumSlip: 0.3
    m_ExtremumValue: 0.6
    m_AsymptoteSlip: 0.8
    m_AsymptoteValue: 0.4
    m_Stiffness: 1
  m_Enabled: 1
--- !u!1 &2122906911
GameObject:
  m_ObjectHideFlags: 0
  m_PrefabParentObject: {fileID: 0}
  m_PrefabInternal: {fileID: 0}
  serializedVersion: 5
  m_Component:
  - component: {fileID: 2122906912}
  m_Layer: 0
  m_Name: GameObject
  m_TagString: Untagged
  m_Icon: {fileID: 0}
  m_NavMeshLayer: 0
  m_StaticEditorFlags: 0
  m_IsActive: 1
--- !u!4 &2122906912
Transform:
  m_ObjectHideFlags: 0
  m_PrefabParentObject: {fileID: 0}
  m_PrefabInternal: {fileID: 0}
  m_GameObject: {fileID: 2122906911}
  m_LocalRotation: {x: 0, y: 0, z: 0, w: 1}
  m_LocalPosition: {x: 0, y: 0, z: 0}
  m_LocalScale: {x: 1, y: 1, z: 1}
  m_Children:
  - {fileID: 1955473723}
  m_Father: {fileID: 1142321179}
  m_RootOrder: 0
  m_LocalEulerAnglesHint: {x: 0, y: 0, z: 0}
